<?xml version="1.0" encoding="UTF-8"?><collection xmlns="http://www.loc.gov/MARC21/slim"><record><leader>00436nam--2200121-i-4500</leader><controlfield tag="001">000011498</controlfield><controlfield tag="002">20161230</controlfield><controlfield tag="005">20161230201029</controlfield><controlfield tag="008">060222s1000------------r-----000-0-eng-d</controlfield><datafield ind1=" " ind2=" " tag="080"><subfield code="a">5(061.3:09):(061.3:09)</subfield></datafield><datafield ind1=" " ind2=" " tag="245"><subfield code="a">Actes du xiii-e congres international d histoire des sciences, moscou, 18-24 aout. section i-xii. actes. conferences plenieres actes. resumes des colloques</subfield></datafield><datafield ind1=" " ind2=" " tag="260"><subfield code="a">Moscou, Editions  Naouka , 1974 193 P</subfield></datafield><datafield ind1=" " ind2=" " tag="852"><subfield code="a">42626</subfield></datafield></record></collection>